@book{ahuja1993network,
  title={Network Flows: Theory, Algorithms, and Applications},
  author={Ahuja, R.K. and Magnanti, T.L. and Orlin, J.B.},
  isbn={9780136175490},
  lccn={lc92026702},
  url={https://books.google.it/books?id=WnZRAAAAMAAJ},
  year={1993},
  publisher={Prentice Hall}
}

@misc{pickhardt21,
  doi = {10.48550/ARXIV.2107.05322},
  url = {https://arxiv.org/abs/2107.05322},
  author = {Pickhardt, Rene and Richter, Stefan},
  keywords = {Networking and Internet Architecture (cs.NI), FOS: Computer and information sciences, FOS: Computer and information sciences},
  title = {Optimally Reliable \& Cheap Payment Flows on the Lightning Network},
  publisher = {arXiv},
  year = {2021},
  copyright = {Creative Commons Attribution Share Alike 4.0 International}
}

